@book{halacy1970charles,
  title={Charles Babbage, father of the computer},
  author={Halacy, Daniel Stephen},
  year={1970},
  publisher={Macmillan Pub Co}
}
